<collection xmlns="http://www.loc.gov/MARC21/slim">
<record>
  <leader>01337nam0a2200265 i 450 </leader>
  <controlfield tag="001">IT\ICCU\CNCE\078106</controlfield>
  <controlfield tag="005">20130524000000.0</controlfield>
  <datafield tag="012" ind1=" " ind2=" ">
    <subfield code="a">o,ar aron diar uoNa (3) 1584 (A)</subfield>
    <subfield code="2">fei</subfield>
  </datafield>
  <datafield tag="100" ind1=" " ind2=" ">
    <subfield code="a">20130524d1584        0itac0103    ba</subfield>
  </datafield>
  <datafield tag="101" ind1=" " ind2=" ">
    <subfield code="a">ITA</subfield>
  </datafield>
  <datafield tag="102" ind1=" " ind2=" ">
    <subfield code="a">IT</subfield>
  </datafield>
  <datafield tag="200" ind1="1" ind2=" ">
    <subfield code="a">Sermone sopra la natiuita del Redentor nostro Giesu Christo. Composto dall&apos;eccellentissimo signor Emilio Maria Manolesso dottor de leggi ciuili &amp; canoniche ...</subfield>
  </datafield>
  <datafield tag="210" ind1=" " ind2=" ">
    <subfield code="a">In Venetia</subfield>
    <subfield code="c">appresso Marco Antonio Zaltieri</subfield>
    <subfield code="c">ad instantia de Marco Desiderati</subfield>
    <subfield code="d">1584</subfield>
    <subfield code="e">\Venezia</subfield>
    <subfield code="g">Marco Desiderati!</subfield>
  </datafield>
  <datafield tag="215" ind1=" " ind2=" ">
    <subfield code="a">26 c.</subfield>
    <subfield code="d">8ʻ</subfield>
  </datafield>
  <datafield tag="620" ind1=" " ind2=" ">
    <subfield code="a">IT</subfield>
    <subfield code="d">Venezia</subfield>
  </datafield>
  <datafield tag="700" ind1=" " ind2="1">
    <subfield code="a">Manolesso,</subfield>
    <subfield code="b">Emilio Maria</subfield>
    <subfield code="3">IT\ICCU\CNCA\001109</subfield>
  </datafield>
  <datafield tag="712" ind1="0" ind2="0">
    <subfield code="a">Zaltieri, Marcantonio</subfield>
    <subfield code="3">IT\ICCU\CNCT\000631</subfield>
    <subfield code="4">650</subfield>
  </datafield>
  <datafield tag="712" ind1="0" ind2="0">
    <subfield code="a">Desiderati, Marco</subfield>
    <subfield code="3">IT\ICCU\CNCT\002093</subfield>
    <subfield code="4">650</subfield>
  </datafield>
  <datafield tag="790" ind1=" " ind2="1">
    <subfield code="a">Manolessi,</subfield>
    <subfield code="b">Emilio Maria</subfield>
    <subfield code="3">IT\ICCU\CNCA\020759</subfield>
    <subfield code="z">Manolesso, Emilio Maria</subfield>
  </datafield>
  <datafield tag="791" ind1="0" ind2="0">
    <subfield code="a">Zalterius, Marcus Antonius</subfield>
    <subfield code="3">IT\ICCU\CNCT\004177</subfield>
    <subfield code="z">Zaltieri, Marcantonio</subfield>
  </datafield>
  <datafield tag="791" ind1="0" ind2="0">
    <subfield code="a">Desideratus, Marcus</subfield>
    <subfield code="3">IT\ICCU\CNCT\004616</subfield>
    <subfield code="z">Desiderati, Marco</subfield>
  </datafield>
  <datafield tag="801" ind1=" " ind2="3">
    <subfield code="a">IT</subfield>
    <subfield code="b">ICCU</subfield>
    <subfield code="c">20201115</subfield>
  </datafield>
  <datafield tag="899" ind1=" " ind2=" ">
    <subfield code="a">Biblioteca nazionale Marciana. Venezia</subfield>
    <subfield code="1">VE0049</subfield>
    <subfield code="2">VEA BM</subfield>
  </datafield>
  <datafield tag="911" ind1=" " ind2=" ">
    <subfield code="a">Sul front. e in fine</subfield>
    <subfield code="9">IT\ICCU\CNCM\001395</subfield>
  </datafield>
  <datafield tag="921" ind1=" " ind2=" ">
    <subfield code="a">IT\ICCU\CNCM\001395</subfield>
    <subfield code="b">Testa di moro. In cornice</subfield>
    <subfield code="e">Desidero il Desiderati</subfield>
    <subfield code="c">U340</subfield>
    <subfield code="d">Dimensioni: 4,5 x 5,3</subfield>
    <subfield code="f">DESIDEROIL</subfield>
    <subfield code="f">MORO</subfield>
    <subfield code="g">1584-1587</subfield>
  </datafield>
</record>
</collection>
